@article{cho2014learning,
  title = {Learning phrase representations using RNN encoder-decoder for statistical machine translation},
  author = {Kyunghyun Cho and Bart Van Merri{\"e}nboer and Caglar Gulcehre and Dzmitry Bahdanau and Fethi Bougares and Holger Schwenk and Yoshua Bengio},
  journal = {arXiv preprint arXiv:1406.1078},
  year = {2014}
}

@article{gers1999learning,
  title = {Learning to forget: Continual prediction with LSTM},
  author = {Gers, Felix A. and Schmidhuber, J{\"u}rgen and Cummins, Fred},
  year = {1999},
  publisher = {IET}
}

@incollection{graves2012supervised,
  title = {Supervised sequence labelling},
  author = {Graves, Alex},
  booktitle = {Supervised sequence labelling with recurrent neural networks},
  pages = {5--13},
  year = {2012},
  publisher = {Springer}
}

@article{hochreiter1997long,
	title = {Long Short-Term Memory},
	author = {Sepp Hochreiter and J{\"u}rgen Schmidhuber},
	journal = {Neural Computation},
	volume = {9},
	number = {8},
	pages = {1735--1780},
	year = {1997},
	publisher = {MIT Press}
}

@article{hutter2002fastest,
  title = {The fastest and shortest algorithm for all well-defined problems},
  author = {Hutter, Marcus},
  journal = {International Journal of Foundations of Computer Science},
  volume = {13},
  number = {03},
  pages = {431--443},
  year = {2002},
  publisher = {World Scientific}
}

@inproceedings{joulin2015inferring,
  title = {Inferring algorithmic patterns with stack-augmented recurrent nets},
  author = {Joulin, Armand and Mikolov, Tomas},
  booktitle = {Advances in neural information processing systems},
  pages = {190--198},
  year = {2015}
}

@article{kingma2014adam,
  title={Adam: A method for stochastic optimization},
  author={Kingma, Diederik P and Ba, Jimmy},
  journal={arXiv preprint arXiv:1412.6980},
  year={2014}
}

@article{levin1973universal,
  title = {Universal sequential search problems},
  author = {Levin, Leonid Anatolevich},
  journal = {Problemy Peredachi Informatsii},
  volume = {9},
  number = {3},
  pages = {115--116},
  year = {1973},
  publisher = {Russian Academy of Sciences, Branch of Informatics, Computer Equipment and Automatization}
}

@ARTICLE{llinas2008neuron,
	AUTHOR = {Rodolfo Llinas},
	TITLE = {{N}euron},
	YEAR = {2008},
	JOURNAL = {Scholarpedia},
	VOLUME = {3},
	NUMBER = {8},
	PAGES = {1490},
	DOI = {10.4249/scholarpedia.1490},
	NOTE = {revision \#91570}
}

@inproceedings{mozer1993connectionist,
  title = {A connectionist symbol manipulator that discovers the structure of context-free languages},
  author = {Mozer, Michael C and Das, Sreerupa},
  booktitle = {Advances in neural information processing systems},
  pages = {863--870},
  year = {1993}
}

@article{muggleton1991inductive,
  title = {Inductive logic programming},
  author = {Muggleton, Stephen},
  journal = {New generation computing},
  volume = {8},
  number = {4},
  pages = {295--318},
  year = {1991},
  publisher = {Springer}
}

@techreport{rumelhart1985learning,
  title = {Learning internal representations by error propagation},
  author = {Rumelhart, David E. and Hinton, Geoffrey E. and Williams, Ronald J.},
  year = {1985},
  institution = {California Univ San Diego La Jolla Inst for Cognitive Science}
}

@article{schmidhuber2004optimal,
  title = {Optimal ordered problem solver},
  author = {Schmidhuber, J{\"u}rgen},
  journal = {Machine Learning},
  volume = {54},
  number = {3},
  pages = {211--254},
  year = {2004},
  publisher = {Springer}
}

@article{werbos1990backpropagation,
  title = {Backpropagation through time: what it does and how to do it},
  author = {Werbos, Paul J.},
  journal = {Proceedings of the IEEE},
  volume = {78},
  number = {10},
  pages = {1550--1560},
  year = {1990},
  publisher = {IEEE}
}

@inproceedings{wiles1995learning,
  title = {Learning to count without a counter: A case study of dynamics and activation landscapes in recurrent networks},
  author = {Wiles, Janet and Elman, Jeff}
}

@article{zaremba2014learning,
  title = {Learning to execute},
  author = {Zaremba, Wojciech and Sutskever, Ilya},
  journal = {arXiv preprint arXiv:1410.4615},
  year = {2014}
}